<?xml version="1.0" encoding="UTF-8"?><collection xmlns="http://www.loc.gov/MARC21/slim"><record><leader>00443nam--2200157-i-4500</leader><controlfield tag="001">000006910</controlfield><controlfield tag="002">20161230</controlfield><controlfield tag="005">20170121212641</controlfield><controlfield tag="008">060222s1000------------r-----000-0-eng-d</controlfield><datafield ind1=" " ind2=" " tag="100"><subfield code="a">Aalto, E</subfield></datafield><datafield ind1=" " ind2=" " tag="245"><subfield code="a">Comparisons of measured and calculated neutron fluxes in laminated iron and heavy water</subfield></datafield><datafield ind1=" " ind2=" " tag="260"><subfield code="a">Stockholm</subfield><subfield code="b">Aktiebolaget Atomenergi</subfield><subfield code="c">1964</subfield></datafield><datafield ind1=" " ind2=" " tag="300"><subfield code="a">10 p.+8 Fig</subfield></datafield><datafield ind1=" " ind2=" " tag="490"><subfield code="a">161</subfield></datafield><datafield ind1=" " ind2=" " tag="852"><subfield code="a">15157</subfield></datafield><datafield ind1=" " ind2=" " tag="CAT"><subfield code="a">SYS</subfield><subfield code="c">20170121</subfield><subfield code="h">212641</subfield></datafield></record></collection>